<?xml version="1.0" encoding="UTF-8"?><collection xmlns="http://www.loc.gov/MARC21/slim"><record><leader>00636nam--2200181-i-4500</leader><controlfield tag="001">000040379</controlfield><controlfield tag="002">20161230</controlfield><controlfield tag="005">20161230201042</controlfield><controlfield tag="008">060222s1000------------r-----000-0-fre-d</controlfield><datafield ind1=" " ind2=" " tag="040"><subfield code="a">IFIN-HH</subfield></datafield><datafield ind1=" " ind2=" " tag="041"><subfield code="a">fre</subfield></datafield><datafield ind1=" " ind2=" " tag="080"><subfield code="a">535.1/3:537.226:539.23(043)</subfield></datafield><datafield ind1="1" ind2=" " tag="100"><subfield code="a">Saurel, Jean-marc</subfield></datafield><datafield ind1="1" ind2="0" tag="245"><subfield code="a">Nouvelles meth.de controle optique et de calcul pour des filtres dielectriques utilises dans le visibile, le proche infrarouge et le proche ultraviolet</subfield><subfield code="b">These</subfield><subfield code="c">Jean-marc saurel</subfield></datafield><datafield ind1=" " ind2=" " tag="260"><subfield code="a">Montpellier</subfield><subfield code="b">Universite Des Sciences Et Techniques De Languedoc</subfield><subfield code="c">1975</subfield></datafield><datafield ind1=" " ind2=" " tag="300"><subfield code="a">191P</subfield></datafield><datafield ind1=" " ind2=" " tag="852"><subfield code="a">44094</subfield><subfield code="c">535</subfield></datafield><datafield ind1=" " ind2=" " tag="CAT"><subfield code="a">Sys</subfield><subfield code="c">20110120</subfield><subfield code="h">092650</subfield></datafield></record></collection>